<record><leader>00000cas a22000007a 4500</leader><controlfield tag="001">43702374</controlfield><controlfield tag="008">000324d19992002ctucr ne      0    0eng d</controlfield><datafield ind1=" " ind2=" " tag="010"><subfield code="a">sn 00061000 </subfield></datafield><datafield ind1=" " ind2=" " tag="040"><subfield code="a">CNW</subfield><subfield code="b">eng</subfield><subfield code="c">CNW</subfield><subfield code="d">OCLCQ</subfield><subfield code="d">OCLCF</subfield><subfield code="d">OCLCO</subfield></datafield><datafield ind1="1" ind2=" " tag="029"><subfield code="a">AU@</subfield><subfield code="b">000021430986</subfield></datafield><datafield ind1=" " ind2=" " tag="042"><subfield code="a">msc</subfield></datafield><datafield ind1="0" ind2=" " tag="130"><subfield code="a">Naugatuck news (Naugatuck, Conn. : 1999)</subfield></datafield><datafield ind1="0" ind2="0" tag="245"><subfield code="a">Naugatuck news.</subfield></datafield><datafield ind1=" " ind2=" " tag="260"><subfield code="a">Naugatuck, Conn. :</subfield><subfield code="b">Maitland Pub. Co.</subfield></datafield><datafield ind1=" " ind2=" " tag="300"><subfield code="a">v.</subfield></datafield><datafield ind1=" " ind2=" " tag="310"><subfield code="a">Semiweekly</subfield></datafield><datafield ind1="0" ind2=" " tag="362"><subfield code="a">Sept. 15, 1999-v. 117, no. 9 (Feb. 7, 2002).</subfield></datafield><datafield ind1=" " ind2=" " tag="530"><subfield code="a">Available on microfilm from Heritage Microfilm.</subfield></datafield><datafield ind1=" " ind2="0" tag="651"><subfield code="a">Naugatuck (Conn.)</subfield><subfield code="v">Newspapers.</subfield></datafield><datafield ind1=" " ind2="0" tag="651"><subfield code="a">Beacon Falls (Conn. : Town)</subfield><subfield code="v">Newspapers.</subfield></datafield><datafield ind1=" " ind2="0" tag="651"><subfield code="a">Prospect (Conn.)</subfield><subfield code="v">Newspapers.</subfield></datafield><datafield ind1=" " ind2="7" tag="655"><subfield code="a">Newspapers.</subfield><subfield code="2">fast</subfield><subfield code="0">(OCoLC)fst01423814</subfield></datafield><datafield ind1=" " ind2="7" tag="651"><subfield code="a">Connecticut</subfield><subfield code="z">Beacon Falls (Town)</subfield><subfield code="2">fast</subfield><subfield code="0">(OCoLC)fst01332070</subfield></datafield><datafield ind1=" " ind2="7" tag="651"><subfield code="a">Connecticut</subfield><subfield code="z">Naugatuck.</subfield><subfield code="2">fast</subfield><subfield code="0">(OCoLC)fst01228850</subfield></datafield><datafield ind1=" " ind2="7" tag="651"><subfield code="a">Connecticut</subfield><subfield code="z">Prospect.</subfield><subfield code="2">fast</subfield><subfield code="0">(OCoLC)fst01219267</subfield></datafield><datafield ind1=" " ind2=" " tag="752"><subfield code="a">United States</subfield><subfield code="b">Connecticut</subfield><subfield code="c">New Haven</subfield><subfield code="d">Naugatuck.</subfield></datafield><datafield ind1="0" ind2="0" tag="780"><subfield code="t">Naugatuck daily news</subfield><subfield code="w">(DLC)sn 90057226</subfield><subfield code="w">(OCoLC)22188200</subfield></datafield><datafield ind1="0" ind2="0" tag="785"><subfield code="t">Citizen's news</subfield><subfield code="w">(DLC)sn 2002006100</subfield><subfield code="w">(OCoLC)49395769</subfield></datafield></record>